<?xml version="1.0" encoding="UTF-8"?>
<collection xmlns:xsi="http://www.w3.org/2001/XMLSchema-instance" xsi:schemaLocation="http://www.loc.gov/MARC21/slim http://www.loc.gov/standards/marcxml/schema/MARC21slim.xsd" xmlns="http://www.loc.gov/MARC21/slim">
<record>
  <leader>01628cam a2200325M  4500</leader>
  <controlfield tag="001">2752255</controlfield>
  <controlfield tag="003">NNC</controlfield>
  <controlfield tag="005">20150920222904.0</controlfield>
  <controlfield tag="008">840514m19511977iq h     b    000 0carax </controlfield>
  <datafield tag="010" ind1=" " ind2=" ">
    <subfield code="a">ne 61000014 </subfield>
  </datafield>
  <datafield tag="035" ind1=" " ind2=" ">
    <subfield code="a">(OCoLC)ocm19170671</subfield>
  </datafield>
  <datafield tag="035" ind1=" " ind2=" ">
    <subfield code="9">ARL7428CU</subfield>
  </datafield>
  <datafield tag="035" ind1=" " ind2=" ">
    <subfield code="a">(NNC)2752255</subfield>
  </datafield>
  <datafield tag="040" ind1=" " ind2=" ">
    <subfield code="a">DLC</subfield>
    <subfield code="c">NYP</subfield>
    <subfield code="d">CUY</subfield>
    <subfield code="d">ZCU</subfield>
  </datafield>
  <datafield tag="043" ind1=" " ind2=" ">
    <subfield code="a">a-iq---</subfield>
  </datafield>
  <datafield tag="050" ind1="0" ind2=" ">
    <subfield code="a">DS51.B3</subfield>
    <subfield code="b">I2</subfield>
  </datafield>
  <datafield tag="100" ind1="1" ind2=" ">
    <subfield code="a">Ibn al-Dubaythī, Muḥammad ibn Saʻīd,</subfield>
    <subfield code="d">1163-1239.</subfield>
  </datafield>
  <datafield tag="245" ind1="1" ind2="3">
    <subfield code="a">al-Mukhtaṣar al-muḥtāj ilayh</subfield>
    <subfield code="b">min tārīkh Abī ʻAbd Allāh Muḥammmad Saʻīd ibn Muḥammad ibn al-Dubaythī.</subfield>
    <subfield code="c">Intiqāʾ Muḥammad ibn Aḥmad ibn ʻUthmān al-Dhahabī, wa-fīhi ziyādah Fawāʾid fī al-tara̲jim lahu wa-li-shuyūkh ākharīn. ʻUniya bi-taḥqīqihi wa-al-taʻlīq ʻalayhi wa-nashrihi Muṣṭafá Jawād.</subfield>
  </datafield>
  <datafield tag="260" ind1=" " ind2=" ">
    <subfield code="a">Baghdād,</subfield>
    <subfield code="b">Maṭbaʻat al-Maʻārif,</subfield>
    <subfield code="c">1951-1977.</subfield>
  </datafield>
  <datafield tag="300" ind1=" " ind2=" ">
    <subfield code="a">3 v.</subfield>
    <subfield code="b">facsims.</subfield>
    <subfield code="c">25 cm.</subfield>
  </datafield>
  <datafield tag="490" ind1="1" ind2=" ">
    <subfield code="a">Maṭbūʻāt al-Majmaʻ al-ʻIlmī al-ʻIrāqī</subfield>
  </datafield>
  <datafield tag="500" ind1=" " ind2=" ">
    <subfield code="a">Publishers vary.</subfield>
  </datafield>
  <datafield tag="500" ind1=" " ind2=" ">
    <subfield code="a">In Arabic.</subfield>
  </datafield>
  <datafield tag="500" ind1=" " ind2=" ">
    <subfield code="a">"Hādhā mukhtār muḥtāj ilayhi min Tārīkh... ibn al-Dubaythī alladhī jaʻalahu dhaylan ʻalá Tārīkh Abī Saʻd al-Simʻānī al-Ḥāfiẓ al-mudhayyal ʻalá Tārīkh Baghdād lil-Ḥāfiẓ Abī Bakr Aḥmad ibn ʻAlī al-Khaṭīb"--v. 1, p. 1</subfield>
  </datafield>
  <datafield tag="504" ind1=" " ind2=" ">
    <subfield code="a">Includes bibliographies.</subfield>
  </datafield>
  <datafield tag="651" ind1=" " ind2="0">
    <subfield code="a">Baghdad (Iraq)</subfield>
    <subfield code="v">Biography.</subfield>
  </datafield>
  <datafield tag="700" ind1="1" ind2=" ">
    <subfield code="a">Dhahabī, Muḥammad ibn Aḥmad,</subfield>
    <subfield code="d">1274-1348.</subfield>
  </datafield>
  <datafield tag="700" ind1="1" ind2=" ">
    <subfield code="a">Jawād, Muṣṭafá,</subfield>
    <subfield code="d">1905-1969.</subfield>
  </datafield>
  <datafield tag="830" ind1=" " ind2="0">
    <subfield code="a">Maṭbūʻāt al-Majmaʻ al-ʻIlmī al-ʻIrāqī.</subfield>
  </datafield>
  <datafield tag="955" ind1=" " ind2=" ">
    <subfield code="b">CU17700400</subfield>
    <subfield code="d">off,glx</subfield>
    <subfield code="e">DS51.B3 I2</subfield>
    <subfield code="v">v.2</subfield>
  </datafield>
</record>
</collection>